@book{adams1995hitchhiker,
  title={The Hitchhiker's Guide to the Galaxy},
  author={Adams, D.},
  isbn={9781417642595},
  url={http://books.google.com/books?id=W-xMPgAACAAJ},
  year={1995},
  publisher={San Val}
}

@article{desendmsg,
  title={sendmsg copy avoidance with MSG\_ZEROCOPY},
  author={de Bruijn, Willem and Dumazet, Eric},
  editor =  {netdevconf},
  howpublished = {\url{https://netdevconf.info/2.1/papers/debruijn-msgzerocopy-talk.pdf}},
  journal={NetDevConf},
  year={2016}
}